<?xml version="1.0" encoding="UTF-8"?><collection xmlns="http://www.loc.gov/MARC21/slim"><record><leader>00385nam--2200133-i-4500</leader><controlfield tag="001">000029666</controlfield><controlfield tag="002">20161230</controlfield><controlfield tag="005">20161230201037</controlfield><controlfield tag="008">060222s1000------------r-----000-0-eng-d</controlfield><datafield ind1=" " ind2=" " tag="245"><subfield code="a">Lecture notes in mathematics. vol.490:the geometry of metric and linear spaces</subfield></datafield><datafield ind1=" " ind2=" " tag="260"><subfield code="a">Berlin, Springer-verlag, 1975</subfield></datafield><datafield ind1=" " ind2=" " tag="700"><subfield code="a">L.M.Kelly</subfield></datafield><datafield ind1=" " ind2=" " tag="852"><subfield code="a">45000</subfield><subfield code="c">515/516</subfield></datafield><datafield ind1=" " ind2=" " tag="CAT"><subfield code="a">Sys</subfield><subfield code="c">20080612</subfield><subfield code="h">131003</subfield></datafield></record></collection>